@IEEEtranBSTCTL{IEEEexample:BSTcontrol,
CTLuse_forced_etal       = "yes",
CTLmax_names_forced_etal = "3",
CTLnames_show_etal       = "2"
}
@book{InfH,
address = {M\"{u}nchen -- Wien},
author = {Rechenberg, Peter and Pomberger, Gustav and Blaschek, G\"{u}nther and Bode, Arndt and Bohn, Wilhelm Friedrich and Borrmann, Lothar and Buchberger, Bruno},
edition = {4th},
publisher = {Hanser Verlag},
title = {{Informatik Handbuch}},
year = {2006}
}
@misc{APCW2006,
note = {letzter Zugriff am 23.05.2021},
author = {{Association for Progressive Communications}},
title = {{Wireless technology is irreplaceable for providing access in remote and scarcely populated regions}},
url = {http://www.apc.org/en/news/strategic/world/wireless-technology-irreplaceable-providing-access},
year = {2006}
}

@misc{p5js,
title = {{p5.js erklärt}},
url = {https://p5js.org/},
}
@misc{p5_proc_difference,
title = {{p5.js erklärt}},
url = {https://www.sitepoint.com/processing-js-vs-p5-js-whats-difference/},
}

@misc{nodejs,
title = {{Was ist Node.js}},
url = {https://de.wikipedia.org/wiki/Node.js},
}

@misc{nodejs_vorteile,
title = {{Node.js Vorteile}},
url = {https://developer.mozilla.org/en-US/docs/Learn/Server-side/Express_Nodejs/Introduction},
}

@misc{node_environment,
title = {{Wie man eine Node-Entwickler Umgebung aufsetzt (NPM, Express etc.)}},
url = {https://developer.mozilla.org/en-US/docs/Learn/Server-side/Express_Nodejs/development_environment},
}
@misc{socketio,
title = {{SocketIO im Überblick}},
url = {https://socket.io/docs/v4/},
}

@misc{docker,
title = {{Docker im Überblick}},
url = {https://www.redhat.com/de/topics/containers/what-is-docker#:~:text=Die%20Docker%2DTechnologie%20verwendet%20den,getrennt%20voneinander%20betreiben%20zu%20k%C3%B6nnen.},
}

@misc{docker_vorteile,
title = {{Vorteile von Docker}},
url = {https://www.microfocus.com/documentation/enterprise-developer/ed40pu5/ETS-help/GUID-F5BDACC7-6F0E-4EBB-9F62-E0046D8CCF1B.html},
}
@misc{docker_architektur,
title = {{Docker Architektur}},
url = {https://docs.docker.com/get-started/overview/},
}

@misc{kubernetes,
title = {{Kubernetes im Überblick}},
url = {https://kubernetes.io/de/docs/concepts/overview/what-is-kubernetes/},
}
@misc{build_image,
title = {{Node.js Image Build}},
url = {https://docs.docker.com/language/nodejs/build-images/},
}



